@Manual{citeR,
    title = {R: A Language and Environment for Statistical Computing},
    author = {{R Core Team}},
    organization = {R Foundation for Statistical Computing},
    address = {Vienna, Austria},
    year = {2020},
    url = {https://www.R-project.org/},
  }
  


@Manual{kableextra,
    title = {kableExtra: Construct Complex Table with 'kable' and Pipe Syntax},
    author = {Hao Zhu},
    year = {2021},
    note = {R package version 1.3.4},
    url = {https://CRAN.R-project.org/package=kableExtra},
  }


@Book{ggplot2,
    author = {Hadley Wickham},
    title = {ggplot2: Elegant Graphics for Data Analysis},
    publisher = {Springer-Verlag New York},
    year = {2016},
    isbn = {978-3-319-24277-4},
    url = {https://ggplot2.tidyverse.org},
  }
  
@website{postcovid,
  title = {Covid 'long haulers': Long-term effects of COVID-19.},
  author = {Louise Gaille},
  year = {2021},
  publisher = {Johns Hopkins Medicine. (n.d.).}
  }
  
@article{vaccine,
  title = {Duration of protection against mild and severe disease by covid-19 vaccines.},
  author = {Nick Andrews, Elise Tessier},
  year = {2022},
  publisher = {New England Journal of Medicine}
  }


@Article{tidyverse,
    title = {Welcome to the {tidyverse}},
    author = {Hadley Wickham and Mara Averick and Jennifer Bryan and Winston Chang and Lucy D'Agostino McGowan and Romain Fran??ois and Garrett Grolemund and Alex Hayes and Lionel Henry and Jim Hester and Max Kuhn and Thomas Lin Pedersen and Evan Miller and Stephan Milton Bache and Kirill M??ller and Jeroen Ooms and David Robinson and Dana Paige Seidel and Vitalie Spinu and Kohske Takahashi and Davis Vaughan and Claus Wilke and Kara Woo and Hiroaki Yutani},
    year = {2019},
    journal = {Journal of Open Source Software},
    volume = {4},
    number = {43},
    pages = {1686},
    doi = {10.21105/joss.01686},
  }
  
@Manual{broom,
    title = {broom: Convert Statistical Objects into Tidy Tibbles},
    author = {David Robinson and Alex Hayes and Simon Couch},
    year = {2021},
    note = {R package version 0.7.9},
    url = {https://CRAN.R-project.org/package=broom},
  }
  
@Book{car,
    title = {An {R} Companion to Applied Regression},
    edition = {Third},
    author = {John Fox and Sanford Weisberg},
    year = {2019},
    publisher = {Sage},
    address = {Thousand Oaks {CA}},
    url = {https://socialsciences.mcmaster.ca/jfox/Books/Companion/},
  }
  
  
@Article{plotrix,
    year = {2006},
    title = {Plotrix: a package in the red light district of R},
    journal = {R-News},
    volume = {6},
    number = {4},
    pages = {8-12},
    author = {Lemon J},
  }
  
@Manual{opendatatoronto,
    title = {opendatatoronto: Access the City of Toronto Open Data Portal},
    author = {Sharla Gelfand},
    year = {2020},
    note = {R package version 0.1.4},
    url = {https://CRAN.R-project.org/package=opendatatoronto},
  }

@Manual{stats,
    title = {R: A Language and Environment for Statistical Computing},
    author = {{R Core Team}},
    organization = {R Foundation for Statistical Computing},
    address = {Vienna, Austria},
    year = {2021},
    url = {https://www.R-project.org/},
  }

@Article{lmtest,
    title = {Diagnostic Checking in Regression Relationships},
    author = {Achim Zeileis and Torsten Hothorn},
    journal = {R News},
    year = {2002},
    volume = {2},
    number = {3},
    pages = {7--10},
    url = {https://CRAN.R-project.org/doc/Rnews/},
  }